%YAML 1.1
%TAG !u! tag:unity3d.com,2011:
--- !u!1001 &100100000
Prefab:
  m_ObjectHideFlags: 1
  serializedVersion: 2
  m_Modification:
    m_TransformParent: {fileID: 0}
    m_Modifications: []
    m_RemovedComponents: []
  m_ParentPrefab: {fileID: 0}
  m_RootGameObject: {fileID: 1777622525223552}
  m_IsPrefabParent: 1
--- !u!1 &1777622525223552
GameObject:
  m_ObjectHideFlags: 0
  m_PrefabParentObject: {fileID: 0}
  m_PrefabInternal: {fileID: 100100000}
  serializedVersion: 5
  m_Component:
  - component: {fileID: 4554018781546532}
  - component: {fileID: 114588172591109534}
  - component: {fileID: 114415365325220458}
  m_Layer: 0
  m_Name: GameManager
  m_TagString: Untagged
  m_Icon: {fileID: 0}
  m_NavMeshLayer: 0
  m_StaticEditorFlags: 0
  m_IsActive: 1
--- !u!4 &4554018781546532
Transform:
  m_ObjectHideFlags: 1
  m_PrefabParentObject: {fileID: 0}
  m_PrefabInternal: {fileID: 100100000}
  m_GameObject: {fileID: 1777622525223552}
  m_LocalRotation: {x: 0, y: 0, z: 0, w: 1}
  m_LocalPosition: {x: -1.71, y: 0.93, z: 0}
  m_LocalScale: {x: 1, y: 1, z: 1}
  m_Children: []
  m_Father: {fileID: 0}
  m_RootOrder: 0
  m_LocalEulerAnglesHint: {x: 0, y: 0, z: 0}
--- !u!114 &114415365325220458
MonoBehaviour:
  m_ObjectHideFlags: 1
  m_PrefabParentObject: {fileID: 0}
  m_PrefabInternal: {fileID: 100100000}
  m_GameObject: {fileID: 1777622525223552}
  m_Enabled: 1
  m_EditorHideFlags: 0
  m_Script: {fileID: 11500000, guid: 4ffc158e0915e9b41ac3ddb3771dbc6d, type: 3}
  m_Name: 
  m_EditorClassIdentifier: 
  level: 1
--- !u!114 &114588172591109534
MonoBehaviour:
  m_ObjectHideFlags: 1
  m_PrefabParentObject: {fileID: 0}
  m_PrefabInternal: {fileID: 100100000}
  m_GameObject: {fileID: 1777622525223552}
  m_Enabled: 1
  m_EditorHideFlags: 0
  m_Script: {fileID: 11500000, guid: 708cc9134e5fd174780c46a61a5ee770, type: 3}
  m_Name: 
  m_EditorClassIdentifier: 
  outWallArray:
  - {fileID: 1842904649768860, guid: 6fcd0952ee057be41977aaae5b8c5705, type: 2}
  - {fileID: 1698952739911332, guid: e474bcc91b78f744795bfd4eaf7bf19a, type: 2}
  - {fileID: 1358894794223472, guid: ba947ab551ceb6b428725bf5bddd7809, type: 2}
  floorArray:
  - {fileID: 1806713872240014, guid: 40f5ea49d23fb3b408775e9084c8d97a, type: 2}
  - {fileID: 1047240241225108, guid: d03a0303297fb1f47a702919b1615f69, type: 2}
  - {fileID: 1552884790436194, guid: 3e55038066137114c9c3c73c124411bb, type: 2}
  - {fileID: 1037042490744152, guid: ca4789988f934a14995d386a025620c4, type: 2}
  - {fileID: 1564927511983192, guid: df370e3f146aac04d8ff509311814164, type: 2}
  - {fileID: 1816795843162462, guid: fbe5eef8cae5d1041ab5e9b6f2cbface, type: 2}
  - {fileID: 1624303193231956, guid: 3c15de5e9151c2049940c28ff960a87b, type: 2}
  - {fileID: 1166349074837682, guid: bbbb5c602a26a6646bb0716b6e4173ed, type: 2}
  wallArray:
  - {fileID: 1463055533457390, guid: a8896581bbfb6614a96de4ae19e508ff, type: 2}
  - {fileID: 1576600499853282, guid: 10c2e98dd230b3f4ab7458cd5d613f9a, type: 2}
  - {fileID: 1306850778905130, guid: 3ce5db746c283cf47a8ff8df2b04f14f, type: 2}
  - {fileID: 1593592471019378, guid: ab9dc636df231dc47a8130c86b50de6a, type: 2}
  - {fileID: 1908981288949208, guid: fb30beba464f1504fa1e5ce73d830d59, type: 2}
  - {fileID: 1292602594183754, guid: 41b50063d9ec94442824130d9994abc1, type: 2}
  - {fileID: 1915550108655668, guid: b63ef951e11f0af46a0baf52c521b443, type: 2}
  - {fileID: 1676578454897652, guid: eb5d7423ce8a3d0499e6986d995f740d, type: 2}
  foodArray:
  - {fileID: 1528153883427158, guid: 3ee8fe4d689fba448ace78bb592e1baf, type: 2}
  - {fileID: 1592612958023462, guid: ca67e472a5af98f4aa0b15417b62b5f6, type: 2}
  enemyArray:
  - {fileID: 1511142402662394, guid: b19ae1de0165dae4db55e7bb4294d550, type: 2}
  - {fileID: 1051044759401612, guid: 96574414e793c1049ae3e84c6ab05dc4, type: 2}
  exitPrefab: {fileID: 1436323800158728, guid: c9e287be241dfd54eb8b5d3f09c62189, type: 2}
  rows: 10
  cols: 10
  minCountWall: 2
  maxCountWall: 8
